@STRING{aa = "Astron.\ Astrophys." }
@STRING{aap = "Astron.\ and Astrophys." }
@STRING{anph = "Ann.\ Phys." }
@STRING{apj = "Astrophys.\ J." }
@STRING{apjlet = "Astrophys.\ J.\ Letters" }
@STRING{apjl = "Astrophys.\ J.\ Letters" }
@STRING{cmp = "Commun.\ Math.\ Phys." }
@STRING{cqg = "Class.\ Quantum Grav." }
@STRING{grg = "Gen.\ Relativ.\ Gravit." }
@STRING{jcp = "J.\ Comput.\ Phys." }
@STRING{jmp = "J.\ Math.\ Phys." }
@STRING{mnras = "MNRAS" }
@STRING{mnrasl = "MNRAS\ Lett." }
@STRING{nat = "Nature" }
@STRING{physlet = "Phys.\ Lett." }
@STRING{pr = "Phys.\ Rev." }
@STRING{prc = "Phys.\ Rev.\ C" }
@STRING{prd = "Phys.\ Rev.\ D" }
@STRING{prl = "Phys.\ Rev.\ Lett." }
@STRING{rmp = "Rev.\ Mod.\ Phys." }

@article{vandermarel:12,
doi = {10.1088/0004-637X/753/1/9},
url = {https://dx.doi.org/10.1088/0004-637X/753/1/9},
year = {2012},
month = {jun},
publisher = {The American Astronomical Society},
volume = {753},
number = {1},
pages = {9},
author = {van der Marel, Roeland P. and Besla, Gurtina and Cox,
                  T. J. and Sohn, Sangmo Tony and Anderson, Jay},
title = {THE M31 VELOCITY VECTOR. III. FUTURE MILKY WAY M31–M33
                  ORBITAL EVOLUTION, MERGING, AND FATE OF THE SUN},
journal = {The Astrophysical Journal},
}

@article{rathore:25,
doi = {10.3847/1538-4357/ad93ae},
url = {https://dx.doi.org/10.3847/1538-4357/ad93ae},
year = {2024},
month = {dec},
publisher = {The American Astronomical Society},
volume = {978},
number = {1},
pages = {55},
author = {Rathore, Himansh and Choi, Yumi and Olsen, Knut A. G. and
                  Besla, Gurtina},
title = {Precise Measurements of the LMC Bar’s Geometry with Gaia DR3
                  and a Novel Solution to Crowding-induced
                  Incompleteness in Star Counting},
journal = {The Astrophysical Journal},
}

@ARTICLE{dehnen:23,
       author = {{Dehnen}, Walter and {Semczuk}, Marcin and
                  {Sch{\"o}nrich}, Ralph},
        title = "{Measuring bar pattern speeds from single simulation
                  snapshots}",
      journal = {\mnras},
     keywords = {methods: numerical, galaxies: kinematics and
                  dynamics, galaxies: structure, Astrophysics -
                  Astrophysics of Galaxies, Astrophysics -
                  Instrumentation and Methods for Astrophysics},
         year = 2023,
        month = jan,
       volume = {518},
       number = {2},
        pages = {2712-2718},
          doi = {10.1093/mnras/stac3184},
archivePrefix = {arXiv},
       eprint = {2211.00674},
 primaryClass = {astro-ph.GA},
       adsurl =
                  {https://ui.adsabs.harvard.edu/abs/2023MNRAS.518.2712D},
      adsnote = {Provided by the SAO/NASA Astrophysics Data System}
}

@ARTICLE{vandermarel:01,
       author = {{van der Marel}, Roeland P.},
        title = "{Magellanic Cloud Structure from Near-Infrared
                  Surveys. II. Star Count Maps and the Intrinsic
                  Elongation of the Large Magellanic Cloud}",
      journal = {\aj},
     keywords = {Stars: Color-Magnitude Diagrams, Galaxies:
                  Fundamental Parameters, Galaxies: Structure,
                  Galaxies: Magellanic Clouds, Stars: AGB and
                  Post-AGB, Astrophysics},
         year = 2001,
        month = oct,
       volume = {122},
       number = {4},
        pages = {1827-1843},
          doi = {10.1086/323100},
archivePrefix = {arXiv},
       eprint = {astro-ph/0105340},
 primaryClass = {astro-ph},
       adsurl =
                  {https://ui.adsabs.harvard.edu/abs/2001AJ....122.1827V},
      adsnote = {Provided by the SAO/NASA Astrophysics Data System}
}

@ARTICLE{wu:18,
       author = {{Wu}, Yu-Ting and {Pfenniger}, Daniel and {Taam},
                  Ronald E.},
        title = "{Time-dependent Pattern Speeds in Barred Galaxies}",
      journal = {\apj},
     keywords = {galaxies: evolution, galaxies: kinematics and
                  dynamics, galaxies: spiral, Galaxy: kinematics and
                  dynamics, methods: numerical, Astrophysics -
                  Astrophysics of Galaxies},
         year = 2018,
        month = jun,
       volume = {860},
       number = {2},
          eid = {152},
        pages = {152},
          doi = {10.3847/1538-4357/aac5e8},
archivePrefix = {arXiv},
       eprint = {1805.07131},
 primaryClass = {astro-ph.GA},
       adsurl =
                  {https://ui.adsabs.harvard.edu/abs/2018ApJ...860..152W},
      adsnote = {Provided by the SAO/NASA Astrophysics Data System}
}

@ARTICLE{schoenrich:17,
       author = {{Sch{\"o}nrich}, Ralph and {McMillan}, Paul J.},
        title = "{Understanding inverse metallicity gradients in
                  galactic discs as a consequence of inside-out
                  formation}",
      journal = {\mnras},
     keywords = {galaxies: abundances, galaxies: evolution, galaxies:
                  stellar content, Galaxy: disc, Galaxy: evolution,
                  Galaxy: kinematics and dynamics, Astrophysics -
                  Astrophysics of Galaxies},
         year = 2017,
        month = may,
       volume = {467},
       number = {1},
        pages = {1154-1174},
          doi = {10.1093/mnras/stx093},
archivePrefix = {arXiv},
       eprint = {1605.02338},
 primaryClass = {astro-ph.GA},
       adsurl =
                  {https://ui.adsabs.harvard.edu/abs/2017MNRAS.467.1154S},
      adsnote = {Provided by the SAO/NASA Astrophysics Data System}
}

@article{mutch:11,
   title={THE MID-LIFE CRISIS OF THE MILKY WAY AND M31},
   volume={736},
   ISSN={1538-4357},
   url={http://dx.doi.org/10.1088/0004-637X/736/2/84},
   DOI={10.1088/0004-637x/736/2/84},
   number={2},
   journal={The Astrophysical Journal},
   publisher={American Astronomical Society},
   author={Mutch, Simon J. and Croton, Darren J. and Poole, Gregory
                  B.},
   year={2011},
   month=jul, pages={84} }

@ARTICLE{berentzen:03,
       author = {{Berentzen}, I. and {Athanassoula}, E. and {Heller},
                  C.~H. and {Fricke}, K.~J.},
        title = "{Numerical simulations of interacting gas-rich barred
                  galaxies: vertical impact of small companions}",
      journal = {\mnras},
     keywords = {galaxies: evolution, galaxies: interactions,
                  galaxies: kinematics and dynamics, galaxies:
                  structure, Astrophysics},
         year = 2003,
        month = may,
       volume = {341},
       number = {1},
        pages = {343-360},
          doi = {10.1046/j.1365-8711.2003.06417.x},
archivePrefix = {arXiv},
       eprint = {astro-ph/0301300},
 primaryClass = {astro-ph},
       adsurl =
                  {https://ui.adsabs.harvard.edu/abs/2003MNRAS.341..343B},
      adsnote = {Provided by the SAO/NASA Astrophysics Data System}
}

@Article{Hunter:2007,
  Author = {Hunter, J. D.},
  Title = {Matplotlib: A 2D graphics environment},
  Journal = {Computing in Science \& Engineering},
  Volume = {9},
  Number = {3},
  Pages = {90--95},
  abstract = {Matplotlib is a 2D graphics package used for Python for
  application development, interactive scripting, and
                  publication-quality
  image generation across user interfaces and operating systems.},
  publisher = {IEEE COMPUTER SOC},
  doi = {10.1109/MCSE.2007.55},
  year = 2007
}

@article{numpy,
 title = {Array programming with {NumPy}},
 author = {C. ~R. Harris and others},
 year = {2020},
 month = sep,
 journal = {Nature},
 volume = {585},
 number = {7825},
 pages = {357--362},
 doi = {10.1038/s41586-020-2649-2},
 publisher = {Springer Science and Business Media {LLC}},
 url = {https://doi.org/10.1038/s41586-020-2649-2}
}

@book{python,
  author = {Van Rossum, G. and Drake, F. ~L.},
  title = {Python 3 Reference Manual},
  year = {2009},
  isbn = {1441412697},
  publisher = {CreateSpace},
  address = {Scotts Valley, CA}
}

@ARTICLE{software-citation-station-paper,
       author = {{Wagg}, T. and {Broekgaarden}, F. ~S.},
        title = "{Streamlining and standardizing software citations
                  with The Software Citation Station}",
      journal = {arXiv e-prints},
     keywords = {Astrophysics - Instrumentation and Methods for
                  Astrophysics, Computer Science - Digital Libraries},
         year = 2024,
        month = jun,
          eid = {arXiv:2406.04405},
        pages = {arXiv:2406.04405},
archivePrefix = {arXiv},
       eprint = {2406.04405},
 primaryClass = {astro-ph.IM},
       adsurl =
                  {https://ui.adsabs.harvard.edu/abs/2024arXiv240604405W},
      adsnote = {Provided by the SAO/NASA Astrophysics Data System}
}

@software{software-citation-station-zenodo,
  author = {T. Wagg and others},
  title = {TomWagg/software-citation-station: v1.2},
  month = aug,
  year = 2024,
  publisher = {Zenodo},
  version = {v1.2},
  doi = {https://doi.org/10.5281/zenodo.13225824},
  url = {https://doi.org/10.5281/zenodo.13225824}
}