@STRING{aa = "Astron.\ Astrophys." }
@STRING{aap = "Astron.\ and Astrophys." }
@STRING{anph = "Ann.\ Phys." }
@STRING{apj = "Astrophys.\ J." }
@STRING{apjlet = "Astrophys.\ J.\ Letters" }
@STRING{apjl = "Astrophys.\ J.\ Letters" }
@STRING{cmp = "Commun.\ Math.\ Phys." }
@STRING{cqg = "Class.\ Quantum Grav." }
@STRING{grg = "Gen.\ Relativ.\ Gravit." }
@STRING{jcp = "J.\ Comput.\ Phys." }
@STRING{jmp = "J.\ Math.\ Phys." }
@STRING{mnras = "MNRAS" }
@STRING{mnrasl = "MNRAS\ Lett." }
@STRING{nat = "Nature" }
@STRING{physlet = "Phys.\ Lett." }
@STRING{pr = "Phys.\ Rev." }
@STRING{prc = "Phys.\ Rev.\ C" }
@STRING{prd = "Phys.\ Rev.\ D" }
@STRING{prl = "Phys.\ Rev.\ Lett." }
@STRING{rmp = "Rev.\ Mod.\ Phys." }

@article{vandermarel:12,
doi = {10.1088/0004-637X/753/1/9},
url = {https://dx.doi.org/10.1088/0004-637X/753/1/9},
year = {2012},
month = {jun},
publisher = {The American Astronomical Society},
volume = {753},
number = {1},
pages = {9},
author = {van der Marel, Roeland P. and Besla, Gurtina and Cox,
                  T. J. and Sohn, Sangmo Tony and Anderson, Jay},
title = {THE M31 VELOCITY VECTOR. III. FUTURE MILKY WAY M31–M33
                  ORBITAL EVOLUTION, MERGING, AND FATE OF THE SUN},
journal = {The Astrophysical Journal},
}

@article{rathore:25,
doi = {10.3847/1538-4357/ad93ae},
url = {https://dx.doi.org/10.3847/1538-4357/ad93ae},
year = {2024},
month = {dec},
publisher = {The American Astronomical Society},
volume = {978},
number = {1},
pages = {55},
author = {Rathore, Himansh and Choi, Yumi and Olsen, Knut A. G. and
                  Besla, Gurtina},
title = {Precise Measurements of the LMC Bar’s Geometry with Gaia DR3
                  and a Novel Solution to Crowding-induced
                  Incompleteness in Star Counting},
journal = {The Astrophysical Journal},
}

@ARTICLE{dehnen:23,
       author = {{Dehnen}, Walter and {Semczuk}, Marcin and
                  {Sch{\"o}nrich}, Ralph},
        title = "{Measuring bar pattern speeds from single simulation
                  snapshots}",
      journal = {\mnras},
     keywords = {methods: numerical, galaxies: kinematics and
                  dynamics, galaxies: structure, Astrophysics -
                  Astrophysics of Galaxies, Astrophysics -
                  Instrumentation and Methods for Astrophysics},
         year = 2023,
        month = jan,
       volume = {518},
       number = {2},
        pages = {2712-2718},
          doi = {10/.1093/mnras/stac3184},
archivePrefix = {arXiv},
       eprint = {2211.00674},
 primaryClass = {astro-ph.GA},
       adsurl =
                  {https://ui.adsabs.harvard.edu/abs/2023MNRAS.518.2712D},
      adsnote = {Provided by the SAO/NASA Astrophysics Data System}
}

@ARTICLE{vandermarel:01,
       author = {{van der Marel}, Roeland P.},
        title = "{Magellanic Cloud Structure from Near-Infrared
                  Surveys. II. Star Count Maps and the Intrinsic
                  Elongation of the Large Magellanic Cloud}",
      journal = {\aj},
     keywords = {Stars: Color-Magnitude Diagrams, Galaxies:
                  Fundamental Parameters, Galaxies: Structure,
                  Galaxies: Magellanic Clouds, Stars: AGB and
                  Post-AGB, Astrophysics},
         year = 2001,
        month = oct,
       volume = {122},
       number = {4},
        pages = {1827-1843},
          doi = {10.1086/323100},
archivePrefix = {arXiv},
       eprint = {astro-ph/0105340},
 primaryClass = {astro-ph},
       adsurl =
                  {https://ui.adsabs.harvard.edu/abs/2001AJ....122.1827V},
      adsnote = {Provided by the SAO/NASA Astrophysics Data System}
}

@ARTICLE{wu:18,
       author = {{Wu}, Yu-Ting and {Pfenniger}, Daniel and {Taam},
                  Ronald E.},
        title = "{Time-dependent Pattern Speeds in Barred Galaxies}",
      journal = {\apj},
     keywords = {galaxies: evolution, galaxies: kinematics and
                  dynamics, galaxies: spiral, Galaxy: kinematics and
                  dynamics, methods: numerical, Astrophysics -
                  Astrophysics of Galaxies},
         year = 2018,
        month = jun,
       volume = {860},
       number = {2},
          eid = {152},
        pages = {152},
          doi = {10.3847/1538-4357/aac5e8},
archivePrefix = {arXiv},
       eprint = {1805.07131},
 primaryClass = {astro-ph.GA},
       adsurl =
                  {https://ui.adsabs.harvard.edu/abs/2018ApJ...860..152W},
      adsnote = {Provided by the SAO/NASA Astrophysics Data System}
}

@ARTICLE{schoenrich:17,
       author = {{Sch{\"o}nrich}, Ralph and {McMillan}, Paul J.},
        title = "{Understanding inverse metallicity gradients in
                  galactic discs as a consequence of inside-out
                  formation}",
      journal = {\mnras},
     keywords = {galaxies: abundances, galaxies: evolution, galaxies:
                  stellar content, Galaxy: disc, Galaxy: evolution,
                  Galaxy: kinematics and dynamics, Astrophysics -
                  Astrophysics of Galaxies},
         year = 2017,
        month = may,
       volume = {467},
       number = {1},
        pages = {1154-1174},
          doi = {10.1093/mnras/stx093},
archivePrefix = {arXiv},
       eprint = {1605.02338},
 primaryClass = {astro-ph.GA},
       adsurl =
                  {https://ui.adsabs.harvard.edu/abs/2017MNRAS.467.1154S},
      adsnote = {Provided by the SAO/NASA Astrophysics Data System}
}

@article{mutch:11,
   title={THE MID-LIFE CRISIS OF THE MILKY WAY AND M31},
   volume={736},
   ISSN={1538-4357},
   url={http://dx.doi.org/10.1088/0004-637X/736/2/84},
   DOI={10.1088/0004-637x/736/2/84},
   number={2},
   journal={The Astrophysical Journal},
   publisher={American Astronomical Society},
   author={Mutch, Simon J. and Croton, Darren J. and Poole, Gregory
                  B.},
   year={2011},
   month=jul, pages={84} }

@ARTICLE{berentzen:03,
       author = {{Berentzen}, I. and {Athanassoula}, E. and {Heller},
                  C.~H. and {Fricke}, K.~J.},
        title = "{Numerical simulations of interacting gas-rich barred
                  galaxies: vertical impact of small companions}",
      journal = {\mnras},
     keywords = {galaxies: evolution, galaxies: interactions,
                  galaxies: kinematics and dynamics, galaxies:
                  structure, Astrophysics},
         year = 2003,
        month = may,
       volume = {341},
       number = {1},
        pages = {343-360},
          doi = {10.1046/j.1365-8711.2003.06417.x},
archivePrefix = {arXiv},
       eprint = {astro-ph/0301300},
 primaryClass = {astro-ph},
       adsurl =
                  {https://ui.adsabs.harvard.edu/abs/2003MNRAS.341..343B},
      adsnote = {Provided by the SAO/NASA Astrophysics Data System}
}

@Article{Hunter:2007,
  Author = {Hunter, J. D.},
  Title = {Matplotlib: A 2D graphics environment},
  Journal = {Computing in Science \& Engineering},
  Volume = {9},
  Number = {3},
  Pages = {90--95},
  abstract = {Matplotlib is a 2D graphics package used for Python for
  application development, interactive scripting, and
                  publication-quality
  image generation across user interfaces and operating systems.},
  publisher = {IEEE COMPUTER SOC},
  doi = {10.1109/MCSE.2007.55},
  year = 2007
}

@article{knapen:02,
  title={Circumnuclear regions in barred spiral galaxies — II. Relations to host galaxies},
  author={Johan H. Knapen and Dolores Pérez-Ramírez and Seppo Laine},
  journal={Monthly Notices of the Royal Astronomical Society},
  year={2002},
  volume={337},
  pages={808-828},
  url={https://api.semanticscholar.org/CorpusID:10845683}
}
@BOOK{hubble:36,
       author = {{Hubble}, E.~P.},
        title = "{Realm of the Nebulae}",
         year = 1936,
       adsurl = {https://ui.adsabs.harvard.edu/abs/1936rene.book.....H},
      adsnote = {Provided by the SAO/NASA Astrophysics Data System}
}

@INPROCEEDINGS{kroupa:08,
       author = {{Kroupa}, Pavel},
        title = "{The formation, disruption and properties of pressure-supported stellar systems and implications for the astrophysics of galaxies}",
     keywords = {stars: formation, stars: luminosity function, mass function, globular clusters: general, galaxies: formation, Astrophysics},
    booktitle = {Dynamical Evolution of Dense Stellar Systems},
         year = 2008,
       editor = {{Vesperini}, Enrico and {Giersz}, Mirek and {Sills}, Alison},
       series = {IAU Symposium},
       volume = {246},
        month = may,
        pages = {13-22},
          doi = {10.1017/S1743921308015202},
archivePrefix = {arXiv},
       eprint = {0712.2818},
 primaryClass = {astro-ph},
       adsurl = {https://ui.adsabs.harvard.edu/abs/2008IAUS..246...13K},
      adsnote = {Provided by the SAO/NASA Astrophysics Data System}
}

@ARTICLE{mihos:96,
       author = {{Mihos}, J. Christopher and {Hernquist}, Lars},
        title = "{Gasdynamics and Starbursts in Major Mergers}",
      journal = {\apj},
     keywords = {GALAXIES: ACTIVE, GALAXIES: INTERACTIONS, GALAXIES: STARBURST, GALAXIES: STRUCTURE, METHODS: NUMERICAL, Astrophysics},
         year = 1996,
        month = jun,
       volume = {464},
        pages = {641},
          doi = {10.1086/177353},
archivePrefix = {arXiv},
       eprint = {astro-ph/9512099},
 primaryClass = {astro-ph},
       adsurl = {https://ui.adsabs.harvard.edu/abs/1996ApJ...464..641M},
      adsnote = {Provided by the SAO/NASA Astrophysics Data System}
}

@ARTICLE{elmegreen:07,
       author = {{Elmegreen}, Bruce G. and {Elmegreen}, Debra Meloy and {Knapen}, Johan H. and {Buta}, Ronald J. and {Block}, David L. and {Puerari}, Iv{\^a}nio},
        title = "{Variation of Galactic Bar Length with Amplitude and Density as Evidence for Bar Growth over a Hubble Time}",
      journal = {\apjl},
     keywords = {Galaxies: Spiral, Galaxies: Structure, Astrophysics},
         year = 2007,
        month = dec,
       volume = {670},
       number = {2},
        pages = {L97-L100},
          doi = {10.1086/524359},
archivePrefix = {arXiv},
       eprint = {0711.3055},
 primaryClass = {astro-ph},
       adsurl = {https://ui.adsabs.harvard.edu/abs/2007ApJ...670L..97E},
      adsnote = {Provided by the SAO/NASA Astrophysics Data System}
}

@ARTICLE{willman:12,
       author = {{Willman}, B. and {Strader}, J.},
        title = "{``Galaxy,'' Defined}",
      journal = {\aj},
     keywords = {galaxies: dwarf, galaxies: kinematics and dynamics, galaxies: star clusters: general, Astrophysics - Cosmology and Nongalactic Astrophysics, Astrophysics - Astrophysics of Galaxies},
         year = 2012,
        month = sep,
       volume = {144},
       number = {3},
          eid = {76},
        pages = {76},
          doi = {10.1088/0004-6256/144/3/76},
archivePrefix = {arXiv},
       eprint = {1203.2608},
 primaryClass = {astro-ph.CO},
       adsurl = {https://ui.adsabs.harvard.edu/abs/2012AJ....144...76W},
      adsnote = {Provided by the SAO/NASA Astrophysics Data System}
}

@Article{Hunter:2007,
  Author    = {Hunter, J. D.},
  Title     = {Matplotlib: A 2D graphics environment},
  Journal   = {Computing in Science \& Engineering},
  Volume    = {9},
  Number    = {3},
  Pages     = {90--95},
  abstract  = {Matplotlib is a 2D graphics package used for Python for
  application development, interactive scripting, and publication-quality
  image generation across user interfaces and operating systems.},
  publisher = {IEEE COMPUTER SOC},
  doi       = {10.1109/MCSE.2007.55},
  year      = 2007
}

@article{numpy,
 title         = {Array programming with {NumPy}},
 author        = {Charles R. Harris and K. Jarrod Millman and St{\'{e}}fan J.
                 van der Walt and Ralf Gommers and Pauli Virtanen and David
                 Cournapeau and Eric Wieser and Julian Taylor and Sebastian
                 Berg and Nathaniel J. Smith and Robert Kern and Matti Picus
                 and Stephan Hoyer and Marten H. van Kerkwijk and Matthew
                 Brett and Allan Haldane and Jaime Fern{\'{a}}ndez del
                 R{\'{i}}o and Mark Wiebe and Pearu Peterson and Pierre
                 G{\'{e}}rard-Marchant and Kevin Sheppard and Tyler Reddy and
                 Warren Weckesser and Hameer Abbasi and Christoph Gohlke and
                 Travis E. Oliphant},
 year          = {2020},
 month         = sep,
 journal       = {Nature},
 volume        = {585},
 number        = {7825},
 pages         = {357--362},
 doi           = {10.1038/s41586-020-2649-2},
 publisher     = {Springer Science and Business Media {LLC}},
 url           = {https://doi.org/10.1038/s41586-020-2649-2}
}

@book{python,
  author    = {Van Rossum, Guido and Drake, Fred L.},
  title     = {Python 3 Reference Manual},
  year      = {2009},
  isbn      = {1441412697},
  publisher = {CreateSpace},
  address   = {Scotts Valley, CA}
}

@software{scipy_14880408,
  author       = {Ralf Gommers and
                  Pauli Virtanen and
                  Matt Haberland and
                  Evgeni Burovski and
                  Tyler Reddy and
                  Warren Weckesser and
                  Travis E. Oliphant and
                  Andrew Nelson and
                  David Cournapeau and
                  alexbrc and
                  Pamphile Roy and
                  Pearu Peterson and
                  Ilhan Polat and
                  Josh Wilson and
                  endolith and
                  Nikolay Mayorov and
                  Stefan van der Walt and
                  Lucas Colley and
                  Matthew Brett and
                  Denis Laxalde and
                  Eric Larson and
                  Jake Bowhay and
                  Atsushi Sakai and
                  Jarrod Millman and
                  Lars and
                  peterbell10 and
                  CJ Carey and
                  Paul van Mulbregt and
                  eric-jones and
                  Kai Striega},
  title        = {scipy/scipy: SciPy 1.15.2},
  month        = feb,
  year         = 2025,
  publisher    = {Zenodo},
  version      = {v1.15.2},
  doi          = {10.5281/zenodo.14880408},
  url          = {https://doi.org/10.5281/zenodo.14880408},
}

@ARTICLE{2020SciPy-NMeth,
  author  = {Virtanen, Pauli and Gommers, Ralf and Oliphant, Travis E. and
            Haberland, Matt and Reddy, Tyler and Cournapeau, David and
            Burovski, Evgeni and Peterson, Pearu and Weckesser, Warren and
            Bright, Jonathan and {van der Walt}, St{\'e}fan J. and
            Brett, Matthew and Wilson, Joshua and Millman, K. Jarrod and
            Mayorov, Nikolay and Nelson, Andrew R. J. and Jones, Eric and
            Kern, Robert and Larson, Eric and Carey, C J and
            Polat, {\.I}lhan and Feng, Yu and Moore, Eric W. and
            {VanderPlas}, Jake and Laxalde, Denis and Perktold, Josef and
            Cimrman, Robert and Henriksen, Ian and Quintero, E. A. and
            Harris, Charles R. and Archibald, Anne M. and
            Ribeiro, Ant{\^o}nio H. and Pedregosa, Fabian and
            {van Mulbregt}, Paul and {SciPy 1.0 Contributors}},
  title   = {{{SciPy} 1.0: Fundamental Algorithms for Scientific
            Computing in Python}},
  journal = {Nature Methods},
  year    = {2020},
  volume  = {17},
  pages   = {261--272},
  adsurl  = {https://rdcu.be/b08Wh},
  doi     = {10.1038/s41592-019-0686-2},
}

@ARTICLE{software-citation-station-paper,
       author = {{Wagg}, Tom and {Broekgaarden}, Floor S.},
        title = "{Streamlining and standardizing software citations with The Software Citation Station}",
      journal = {arXiv e-prints},
     keywords = {Astrophysics - Instrumentation and Methods for Astrophysics, Computer Science - Digital Libraries},
         year = 2024,
        month = jun,
          eid = {arXiv:2406.04405},
        pages = {arXiv:2406.04405},
archivePrefix = {arXiv},
       eprint = {2406.04405},
 primaryClass = {astro-ph.IM},
       adsurl = {https://ui.adsabs.harvard.edu/abs/2024arXiv240604405W},
      adsnote = {Provided by the SAO/NASA Astrophysics Data System}
}

@software{software-citation-station-zenodo,
  author       = {Tom Wagg and
                  Floor Broekgaarden and
                  Kayhan Gültekin},
  title        = {TomWagg/software-citation-station: v1.2},
  month        = aug,
  year         = 2024,
  publisher    = {Zenodo},
  version      = {v1.2},
  doi          = {10.5281/zenodo.13225824},
  url          = {https://doi.org/10.5281/zenodo.13225824},
}
